<?xml version="1.0" encoding="UTF-8"?><collection xmlns="http://www.loc.gov/MARC21/slim"><record><leader>00472nam--2200157-i-4500</leader><controlfield tag="001">000035349</controlfield><controlfield tag="002">20161230</controlfield><controlfield tag="005">20170205003405</controlfield><controlfield tag="008">060222s1000------------r-----000-0-eng-d</controlfield><datafield ind1=" " ind2=" " tag="100"><subfield code="a">Oelsner, G</subfield></datafield><datafield ind1=" " ind2=" " tag="245"><subfield code="a">Rapid radiochemical separations of polonium isotopes from wolfram targets bombarded by cyclotron-accelerated neon ions</subfield></datafield><datafield ind1=" " ind2=" " tag="260"><subfield code="a">Stockholm</subfield><subfield code="b">Almqvist &amp; Wiksell</subfield><subfield code="c">1957</subfield></datafield><datafield ind1=" " ind2=" " tag="300"><subfield code="a">/11p.</subfield></datafield><datafield ind1=" " ind2=" " tag="700"><subfield code="a">Forsling, W</subfield></datafield><datafield ind1=" " ind2=" " tag="852"><subfield code="a">6223</subfield></datafield><datafield ind1=" " ind2=" " tag="CAT"><subfield code="a">SYS</subfield><subfield code="c">20170205</subfield><subfield code="h">003405</subfield></datafield></record></collection>